@book{cnn_aurelion_geron,
    author = {Aurelien Geron},
    title = {Hands-on Machine Learning with Scikit-Learn, Keras \& TensorFlow 2nd ed.},
    year = {2019},
    publisher = {O'Reilly},
    address = {Sebastopol}
}

@misc{aws_ocr,
  title = {What is Optical Character Recognition (OCR)?},
  url = {https://aws.amazon.com/what-is/ocr/},
  note = {Accessed: 2024-09-16},
  author = {{Amazon Web Services}},
  year = {2024}
}

@article{opencv_library,
    author = {Bradski, G.},
    citeulike-article-id = {2236121},
    journal = {Dr. Dobb's Journal of Software Tools},
    keywords = {bibtex-import},
    posted-at = {2008-01-15 19:21:54},
    priority = {4},
    title = {{The OpenCV Library}},
    year = {2000}
}

@misc{ibm_computer_vision,
  title = {What is Computer Vision?},
  author = {{IBM}},
  year = {2024},
  howpublished = {https://www.ibm.com/topics/computer-vision},
  note = {Accessed: 2024-09-17}
}

@misc{johnson2020rotnetfastscalableestimation,
      title={RotNet: Fast and Scalable Estimation of Stellar Rotation Periods Using Convolutional Neural Networks}, 
      author={J. Emmanuel Johnson and Sairam Sundaresan and Tansu Daylan and Lisseth Gavilan and Daniel K. Giles and Stela Ishitani Silva and Anna Jungbluth and Brett Morris and Andrés Muñoz-Jaramillo},
      year={2020},
      eprint={2012.01985},
      archivePrefix={arXiv},
      primaryClass={astro-ph.SR},
      url={https://arxiv.org/abs/2012.01985}, 
}

@manual{scrum,
    title = {The Scrum Guide},
    author = {Schwaber, Ken and Sutherland, Jeff},
    year={2020},
    month={November},
}

@misc{gidaris2018unsupervisedrepresentationlearningpredicting,
      title={Unsupervised Representation Learning by Predicting Image Rotations}, 
      author={Spyros Gidaris and Praveer Singh and Nikos Komodakis},
      year={2018},
      eprint={1803.07728},
      archivePrefix={arXiv},
      primaryClass={cs.CV},
      url={https://arxiv.org/abs/1803.07728}, 
}

@misc{simpleblurdetection,
    title = {A Simple Approach for Blur Image Detection},
    author = {Tania Gupta},
    year = {2023},
    url = {https://medium.com/data-science-ecom-express/a-simple-approach-for-blur-image-detection-535b3c55b596}
}